@inproceedings{Author:00,
	Author = {Author, E.},
	Title = {The title of the conference paper},
	Booktitle = {Proceedings of the International Computer Music Conference}, 
	Address = {Miami, USA}, 
	Pages = {11-45678},
	Year = {2004}}

@book{Someone:02,
	Author = {Someone, A.},
	Title = {Title of the book},
	Publisher = {Publisher}, 
	Address = {Belfast}, 
	Month = {January},
	Year = {2007}}
